@Manual{R,
    title = {R: A Language and Environment for Statistical Computing}, 
    author = {{R Core Team}}, 
    organization = {R Foundation for Statistical Computing},
    address = {Vienna, Austria},
    year = {2020},
    url = {https://www.R-project.org/}
  }



@Manual{rstudio, title = {RStudio: Integrated Development Environment for R}, author = {{RStudio Team}}, organization = {RStudio, PBC.}, address = {Boston, MA, United States}, year = {2020}, url = {http://www.rstudio.com/}
 }

@Book{SimulacionRoss,
    author    = "Sheldon M. Ross",
    title     = "Simulation",
    year      = "1999",
    publisher = "Pearson",
    address   = {Berkeley, California}
}

@Manual{python,
    title = {Python}, 
    organization = {{Python Software Foundation}},
    author = {Guido van Rossum}, 
    address = {Países Bajos},
    year = {2020},
    url = {https://www.python.org/}
  }
  

 
 
 @Book{tidytext,
 title={Text Mining with R, a tidy approach},
 author={Julia Silge and David Robinson},
 year={2020},
 url={https://www.tidytextmining.com/}
 }
 
 
@misc{elisa, 
title={Práctica 1},
note ="\url{https://elisa.dyndns-web.com/teaching/comp/par/p1.html}", 
journal={P1 - Simulación - Schaeffer}, 
author={Schaeffer, Elisa}, 
year=2020, 
month={Sep}
} 

@misc{Fabiola, 
title={Práctica 1},
note ="\url{https://github.com/fvzqa/Simulacion/blob/master/Tarea1/Tarea1.R}", 
journal={Simulación - Práctica 1}, 
author={Vázquez, Fabiola}, 
year=2020, 
month={Sep}
} 