@Manual{R,
    title = {R: A Language and Environment for Statistical Computing}, 
    author = {{R Core Team}}, 
    organization = {R Foundation for Statistical Computing},
    address = {Vienna, Austria},
    year = {2020},
    url = {https://www.R-project.org/}
  }
 
@misc{inegi, 
	title={Relación hombres-mujeres por entidad federativa, 1990 a 2015.},
	author={Instituto Nacional de Estadística y Geografía},
	note= "\url{https://www.inegi.org.mx/app/tabulados/interactivos/?px=Poblacion_02&bd=Poblacion}",
	journal={Tabulados}, 
	publisher={Instituto Nacional de Estadística y Geografía (INEGI)}
	}

@Manual{rstudio, title = {RStudio: Integrated Development Environment for R}, author = {{RStudio Team}}, organization = {RStudio, PBC.}, address = {Massachusetts, United States}, year = {2020}, note="\url {http://www.rstudio.com/}"
 }

@Book{SimulacionRoss,
    author    = "Sheldon M. Ross",
    title     = "Simulation",
    year      = "1999",
    publisher = "Pearson",
    address   = {Berkeley, California}
}

@Manual{python,
    title = {Python}, 
    organization = {{Python Software Foundation}},
    author = {Guido van Rossum}, 
    address = {Países Bajos},
    year = {2020},
    url = {https://www.python.org/}
  }
  
 @Book{alice,
  title = {Alice's Adventures in Wonderland},
  author = {Lewis Carroll},
 publisher = {Macmillan},
 address={Oxford, England},
 year = {1865}
 }
 
 
 @Book{tidytext,
 title={Text Mining with R, a tidy approach},
 author={Julia Silge and David Robinson},
 year={2020},
 note="\url{https://www.tidytextmining.com/}"
 }
 
 @misc{gutenberg,
	title = {Project Gutenberg}, 
    author = {Michael Hart}, 
    organization = {{The Project Gutenberg Literary Archive Foundation}},
note = "\url{http://www.gutenberg.org/files/19322/19322.txt}."
  }
  
 @misc{fabiola,
    title={Método {M}onte-{C}arlo},
    author={Fabiola Vázquez},
    note="\url{https://github.com/fvzqa/Simulacion/blob/master/Tarea5/Tarea5.ipynb}.",
}

@book{casella,
	address = {Australia ; Pacific Grove, CA},
	edition = {2nd},
	title = {Statistical inference},
	isbn = {978-0-534-24312-8},
	publisher = {Thomson Learning},
	author = {Casella, George and Berger, Roger L.},
	year = {2002},
	keywords = {Mathematical statistics, Probabilities}
}

@misc{elisaproba, 
	title={Modelos probabilistas aplicados.},
	author={Elisa Schaeffer},
	note= "\url{https://elisa.dyndns-web.com/teaching/prob/pisis/prob.html#t5}"
}

@book{Knuth, place={Reading, Mass}, edition={3rd ed}, title={The art of computer programming}, ISBN={978-0-201-89683-1}, publisher={Addison-Wesley}, author={Knuth, Donald Ervin}, year={1997}
}

@inproceedings{jupyter,
	title={Jupyter Notebooks---a publishing format for reproducible computational workflows},
	author={Kluyver, Thomas and Ragan-Kelley, Benjamin and P{\'e}rez and others},
	booktitle={Positioning and Power in Academic Publishing: Players, Agents and Agendas: Proceedings of the 20th International Conference on Electronic Publishing},
	pages={87},
	year={2016},
	organization={IOS Press}
}

@book{int,
	address = {Coruña, España},
	edition = {Primera Edición},
	title = {Introducción a la simulación y a la teoría de colas},
	isbn = {84-9745-017-5},
	publisher = {Thomson Learning},
	author = {Cao Abad, Ricardo},
	year = {2002}
}

@misc{statisticsr, 
	title={Statistical Tests},
	author={Selva Prabhakaran},
	note= "\url{http://r-statistics.co/Statistical-Tests-in-R.html}"
}

@misc{pestad, 
	title={¿{Q}ué es una prueba estadística?.},
	author={Addinsoft},
	note= "\url{https://help.xlstat.com/s/article/que-es-una-prueba-estadistica?language=es#:~:text=Una%20prueba%20estad%C3%ADstica%20es%20una,nula%2C%20y%20suele%20denominarse%20H0.&text=H0%20normalmente%20se%20opone%20a,alternativa%2C%20denominada%20H1%20o%20Ha}"
}

@misc{ecured, 
	title={Pruebas estadísticas.},
	author={Ecu{R}ed},
	note= "\url{https://www.ecured.cu/Pruebas_estad%C3%ADsticas}"
}

@misc{guia, 
	title={Guía definitiva para encontrar las pruebas estadísticas que buscas.},
	author={Rosana Ferrero},
	note= "\url{https://www.maximaformacion.es/blog-dat/guia-para-encontrar-tu-prueba-estadistica/}"
}

@Article{elegir,
author = {{Miguel Ángel Villasís-Keever}, {Eric Flores-Ruiz}, {María Guadalupe Miranda-Novales}},
title = {El protocolo de Investigación {VI}: Cómo elegir la prueba estadística adecuada. Estadística inferencial},
journal = {Revista Alergia México},
year = {2017},

OPTvolume = {64},
OPTnumber = {3},
OPTpages = {364-370},
OPTmonth = {Julio-Septiembre},
note= "\url{http://www.scielo.org.mx/pdf/ram/v64n3/2448-9190-ram-64-03-0364.pdf}"
}

@misc{elisapractica12, 
	title={Práctica 12: red {N}euronal.},
	author={Elisa Schaeffer},
	note= "\url{https://elisa.dyndns-web.com/teaching/comp/par/p12.html}"
}



@misc{elisapractica10, 
	title={Práctica 10: frentes de {Pareto}.},
	author={Elisa Schaeffer},
	note= "\url{https://elisa.dyndns-web.com/teaching/comp/par/p10.html}"
}




@misc{wolfram, 
	title={},
	author={WolframAlpha},
	note= "\url{https://www.wolframalpha.com/input/?i=integrate++%281%2F%28exp%28x%29%2Bexp%28-x%29%29%29+from+3+to+7}"
}

@misc{Kurt, 
	title={6 Neat Tricks with Monte Carlo Simulations -- Count Bayesie; Probably a probability blog.},
	author={Will Kurt},
	note= "\url{https://www.countbayesie.com/blog/2015/3/3/6-amazing-trick-with-monte-carlo-simulations}"
}
@misc{F,
	title={{M}ulti-{C}lass {M}etrics {M}ade {S}imple, {P}art {II}: the {F}1-score},
	author={Boaz {S}hmueli},
	note="\url{https://towardsdatascience.com/multi-class-metrics-made-simple-part-ii-the-f1-score-ebe8b2c2ca1}"
}
@misc{kmeans, 
	title={Agrupamiento por {K}-{M}edios ({K}-{M}eans {C}lustering).},
	author={Rondald Delgado},
	note= "\url{https://rpubs.com/rdelgado/399475}"
}

@article{Varian,
 ISSN = {09324569},
 URL = "\url{http://www.jstor.org/stable/40751313}",
 author = {Hal R. Varian},
 journal = {Journal of Institutional and Theoretical Economics (JITE) / Zeitschrift für die gesamte Staatswissenschaft},
 number = {1},
 pages = {153--174},
 publisher = {Mohr Siebeck GmbH & Co. KG},
 title = {Monitoring Agents With Other Agents},
 volume = {146},
 year = {1990}
}

@article{gametheoretical,
title = "Game theoretical applications for multi-agent systems",
journal = "Expert Systems with Applications",
volume = "39",
number = "1",
pages = "273 - 279",
year = "2012",
issn = "0957-4174",
doi = "\url{https://doi.org/10.1016/j.eswa.2011.07.017}",
url = "\url{http://www.sciencedirect.com/science/ article/pii/S0957417411009791}",
author = "Parag C. Pendharkar",
keywords = "Game theory, Multi-agent systems, Distributed artificial intelligence"
}

@article{swarup,
title = "Computational Epidemiology as a Challenge Domain for
Multiagent Systems",
year=2014,
url = "http://www.ifaamas.org/AAMAS/aamas2014/ proceedings/aamas/p1173.pdf",
author = "Samarth Swarup and Stephen G. Eubank and Madhav V. Marathe",
keywords = "Computational Epidemiology; Social Modeling; Public Health; Big Data"
}

@article{introductionmas,
title = "An introduction to Multi-Agent Systems",
year=2010,
url = "http://www.researchgate.net/publication/ 226165258",
author = "Balaji Parasumanna Gokulan and D. Srinivasan"
}

@article{surveymas,
title = "Multi-Agent Systems and simulation: A survey from the Agent community's perspective",
year=2009,
url = "http://www.researchgate.net/publication/ 229070139",
author = "Fabian Michel and Jaques Ferber and Alexis Drogoul"
}
